% This file was created with Citavi 6.4.0.35

@book{Theis.2018,
 author = {Theis, Thomas},
 year = {2018},
 title = {Einstieg in Unity: 2D- und 3D-Spiele entwickeln},
 price = {EUR 29.90 (DE), EUR 30.80 (AT), CHF 38.90 (freier Preis)},
 address = {Bonn},
 edition = {2. Auflage},
 publisher = {{Rheinwerk Verlag}},
 isbn = {3836263327},
 series = {Rheinwerk Computing},
 institution = {{Galileo Press}},
 file = {http://deposit.dnb.de/cgi-bin/dokserv?id=e996026783744c749f10d7e581e6026a&prov=M&dok_var=1&dok_ext=htm},
 file = {http://d-nb.info/1150252766/04},
 file = {http://vub.de/cover/data/isbn:9783836263320/medium/true/de/vub/cover.jpg}
}


@book{Vijayakumaran.2016,
 abstract = {Von grundlegenden Befehlen {\"u}ber Branches und Remote-Repositories bis zur Verwendung von Git-Hooks Auswahl sinnvoller Workflows und Einsatz von Git f{\"u}r Software-Entwicklungsteams Git-Repositories hosten mit GitHub und GitLab  Viele Software-Entwickler oder Systemadministratoren haben Git bereits im Einsatz - sowohl im Firmenumfeld als auch in Open-Source-Projekten. Zum Einstieg lernen Anf{\"a}nger h{\"a}ufig nur die wichtigsten Befehle, die schnell nicht mehr ausreichen, vor allem wenn die ersten Fehler auftreten.  Dieses Buch behandelt einerseits die g{\"a}ngigen Befehle, die Sie beim t{\"a}glichen Arbeiten mit Git brauchen. Andererseits geht es dem Autor auch darum, dass Sie Git als Ganzes verstehen, um es effektiv im Entwicklungsprozess einsetzen zu k{\"o}nnen. Der Fokus des Buches liegt auf dem praktischen Arbeiten mit Git. Sie lernen anhand eines kleinen Beispielprojektes, welche Befehle es gibt, wie diese arbeiten und wie Sie auftretende Probleme l{\"o}sen k{\"o}nnen. Neben den Funktionen, die Sie t{\"a}glich brauchen, finden Sie auch eher seltener gebrauchte Kommandos, die aber ebenfalls wichtig sind. Dabei legt der Autor auch gro{\ss}en Wert auf die Einbindung und Anpassung des Entwicklungsprozesses. Im zweiten Teil des Buches werden fortgeschrittene Themen behandelt. Dabei liegt der Schwerpunkt auf dem Einsatz von Git in Software-Entwicklungsteams. Hier geht es um das Hosten verteilter Repositories mit GitHub und GitLab. Ein weiteres Kapitel behandelt die verschiedenen Workflows je nach Anzahl der beteiligten Personen, Branches und Repositories eines Projektes. Au{\ss}erdem werden Git-Hooks behandelt und deren Programmierung sowie das automatisierte Pr{\"u}fen simpler Fehler. Dar{\"u}ber hinaus gibt der Autor Tipps und Hinweise f{\"u}r den Umstieg von Subversion sowie einen {\"U}berblick {\"u}ber verschiedene grafische Git-Programme. Das Buch richtet sich nicht nur an Einsteiger, die sich noch nie mit Git besch{\"a}ftigt haben, auch Umsteiger und Leser mit vorhandenen Kenntnissen erhalten viele weiterf{\"u}hrende Informationen.  Aus dem Inhalt:  Konfiguration Arbeiten mit Branches Verteilte Repositories Hosting mit GitHub und GitLab Workflows Hooks Umstieg von Subversion Zahlreiche Tipps f{\"u}r die t{\"a}gliche Arbeit Grafische Clients Befehlsreferenz  Sujeevan Vijayakumaran ist Software-Entwickler mit dem Fokus auf Qualit{\"a}tssicherung. Seit {\"u}ber f{\"u}nf Jahren ist er begeisterter Git-Nutzer und setzt es nicht nur zum Entwickeln von Software, sondern auch f{\"u}r die Versionierung vieler anderer Dateien ein.},
 author = {Vijayakumaran, Sujeevan},
 year = {2016},
 title = {Versionsverwaltung mit Git: Praxiseinstieg},
 url = {http://proquestcombo.safaribooksonline.com/9783958452268},
 address = {s.l.},
 edition = {1. Aufl.},
 publisher = {{MITP Verlags GmbH  Co. KG}},
 isbn = {9783958452268},
 series = {mitp Professional},
 file = {http://gbv.eblib.com/patron/FullRecord.aspx?p=4623772},
 file = {https://ebookcentral.proquest.com/lib/gbv/detail.action?docID=4623772},
 file = {https://external.dandelon.com/download/attachments/dandelon/ids/DE001EC48C2F8B66208F6C1258027003445AA.pdf}
}


